@misc{long2015fully,
  title = {Fully Convolutional Networks for Semantic Segmentation},
  author = {Jonathan Long and Evan Shelhamer and Trevor Darrell},
  year = {2015},
  eprint = {1411.4038},
  archivePrefix = {arXiv},
  primaryClass = {cs.CV},
}


@misc{ronneberger2015unet,
  title = {U-Net: Convolutional Networks for Biomedical Image Segmentation},
  author = {Olaf Ronneberger and Philipp Fischer and Thomas Brox},
  year = {2015},
  eprint = {1505.04597},
  archivePrefix = {arXiv},
  primaryClass = {cs.CV},
}


@misc{fan2019octave,
  title = {Accurate Retinal Vessel Segmentation via Octave Convolution Neural
           Network},
  author = {Zhun Fan and Jiajie Mo and Benzhang Qiu and Wenji Li and Guijie Zhu
            and Chong Li and Jianye Hu and Yibiao Rong and Xinjian Chen},
  year = {2020},
  eprint = {1906.12193},
  archivePrefix = {arXiv},
  primaryClass = {eess.IV},
}

@incollection{Klein_2018,
  doi = {10.1007/978-3-662-56537-7_59},
  url = {https://doi.org/10.1007%2F978-3-662-56537-7_59},
  year = 2018,
  publisher = {Springer Berlin Heidelberg},
  pages = {204--209},
  author = {Andr{\'{e} } Klein and Jan Warszawski and Jens Hillenga{\ss} and
            Klaus Hermann Maier-Hein},
  title = {Towards Whole-body {CT} Bone Segmentation},
  booktitle = {Bildverarbeitung für die Medizin 2018},
}


@misc{chen2019drop,
  title = {Drop an Octave: Reducing Spatial Redundancy in Convolutional Neural
           Networks with Octave Convolution},
  author = {Yunpeng Chen and Haoqi Fan and Bing Xu and Zhicheng Yan and Yannis
            Kalantidis and Marcus Rohrbach and Shuicheng Yan and Jiashi Feng},
  year = {2019},
  eprint = {1904.05049},
  archivePrefix = {arXiv},
  primaryClass = {cs.CV},
}



@misc{pascal-voc-2012,
  author = "Everingham, M. and Van~Gool, L. and Williams, C. K. I. and Winn, J.
            and Zisserman, A.",
  title = "The {PASCAL} {V}isual {O}bject {C}lasses {C}hallenge 2012 {(VOC2012)}
           {R}esults",
  howpublished = "
                  http://www.pascal-network.org/challenges/VOC/voc2012/workshop/index.html
                  ",
}	



@misc{cnn_example,
  howpublished = "
                  https://www.mathworks.com/discovery/convolutional-neural-network-matlab.html
                  ",
  author = {The MathWorks Inc.},
  title = {What Is a Convolutional Neural Network?},
  publisher = {The MathWorks Inc.},
  address = {Natick, Massachusetts, United States},
}




@misc{pytorch,
author = {PyTorch Team},
title = {PyTorch},
url = {https://pytorch.org}
}


@online{labelme,
  title = {labelme},
  author = {Kentaro Wada},
  year = {Sep 25, 2011 – Oct 25, 2023},
  url = {https://github.com/wkentaro/labelme},
}

